/home/philm/actif/COVAMBU/stat.bib